@misc{NumAVX512Units,
  title = {Intel® Xeon® Silver 4216 processor (22m Cache, 2.10 GHz) product specifications},
  howpublished = {\url{https://ark.intel.com/content/www/us/en/ark/products/193394/intel-xeon-silver-4216-processor-22m-cache-2-10-ghz.html}},
  note = {Accessed: 2023-10-18}
}

@misc{FLOPSperUnit,
  title = {Detailed Specifications of the “Cascade Lake SP” Intel Xeon Processor Scalable Family CPUs},
  howpublished = {\url{https://www.microway.com/knowledge-center-articles/detailed-specifications-of-the-cascade-lake-sp-intel-xeon-processor-scalable-family-cpus/}},
  note = {Accessed: 2023-10-18}
}

@misc{CascadeLakeFLOPS,
  title = {FLOPS per cycle for sandy-bridge and haswell SSE2/AVX/AVX2},
  howpublished = {\url{https://stackoverflow.com/questions/15655835/flops-per-cycle-for-sandy-bridge-and-haswell-sse2-avx-avx2}},
  note = {Accessed: 2023-10-18}
}