@misc{CPUWorld,
  title = {Intel Xeon 4216 specifications},
  howpublished = {\url{https://www.cpu-world.com/CPUs/Xeon/Intel-Xeon%204216.html}},
  note = {Accessed: 2023-10-31}
}

@misc{SpecOrg,
  title = {Intel Xeon 4216 specifications},
  howpublished = {\url{https://www.spec.org/cpu2017/results/res2020q3/cpu2017-20200622-23047.html}},
  note = {Accessed: 2023-10-31}
}

@misc{WikiChip,
  title = {Xeon Silver 4216 - Intel},
  howpublished = {\url{https://en.wikichip.org/wiki/intel/xeon_silver/4216#Cache}},
  note = {Accessed: 2023-10-31}
}

@article{chapman2015openmp,
  title={How OpenMP is compiled},
  author={Chapman, Barbara and Huang, Lei},
  journal={Website. Available},
  year={2015}
}