@misc{MPIScatter,
  title = {Examples using MPI\_SCATTER, MPI\_SCATTERV},
  howpublished = {\url{https://www.mpi-forum.org/docs/mpi-1.1/mpi-11-html/node72.html#Node72}},
  note = {Accessed: 2023-11-09}
}

@misc{MPIGather,
  title = {Examples using MPI\_GATHER, MPI\_GATHERV},
  howpublished = {\url{https://www.mpi-forum.org/docs/mpi-1.1/mpi-11-html/node70.html#Node70}},
  note = {Accessed: 2023-11-09}
}